% Encoding: UTF-8
@book{Knuth1998,
 author = {Knuth, Donald E.},
 title = {The art of computer programming,  volume 3: (2nd ed.) sorting and searching},
 year = {1998},
 publisher = {Addison Wesley Longman Publishing Co., Inc.},
 address = {Redwood City, CA, USA}
}

@book{Pollefliet2011,
  author = {Pollefliet, Leen},
  title = {Schrijven van verslag tot eindwerk: do's en don'ts},
  year = {2011},
  publisher = {Academia Press},
  address = {Gent}
}

@article{Creeger2009,
  author = {Creeger, Mache},
  journal = {Communications of the ACM},
  number = {8},
  pages = {50--56},
  title = {{CTO Roundtable: Cloud Computing}},
  volume = {52},
  year = {2009}
}

@Comment{jabref-meta: databaseType:biblatex;}

@misc{Jones2015,
  author = {Jones, Michael B. and Bradley, John and Sakimura, Nat},
  title = {RFC 7519: JSON Web Token (JWT)},
  year = {2015},
  url = {https://datatracker.ietf.org/doc/html/rfc7519}
}

@misc{OWASP2021,
  author = {{OWASP Foundation}},
  title = {JSON Web Token (JWT) Cheat Sheet for Java},
  year = {2021},
  url = {https://cheatsheetseries.owasp.org/cheatsheets/JSON_Web_Token_Cheat_Sheet_for_Java.html}
}

@misc{StripeDocs2024,
  author = {{Stripe}},
  title = {Accept a payment},
  year = {2024},
  url = {https://stripe.com/docs/payments/accept-a-payment}
}
@misc{BaeldungJWT,
  author = {Baeldung},
  title = {JWT Authentication in Spring Boot},
  year = {2023},
  howpublished = {\url{https://www.baeldung.com/spring-security-oauth-jwt}},
  note = {Accessed: 2025-05-29}
}

